@techreport{andre1990,
    title = {Petites leçons de typographie},
    author = {J. André},
    year = {1990},
    note ={{\url {http://jacques-andre.fr/faqtypo/lessons.pdf}} (consulté le 04/09/2017)},
    institution = {IRISA},
}
@misc{savoirs2010,
    title = {Citer ses sources et présenter une bibliographie},
    author = {Savoirs CDI},
    year = {2016},
    note ={{\url {https://www.reseau-canope.fr/savoirscdi/centre-de-ressources/fonds-documentaire-acquisition-traitement/le-traitement-documentaire/citer-ses-sources-et-presenter-une-bibliographie-lycee.html}} (consulté le 04/09/2017)},
    institution = {Réseau Canope},
}
